% Encoding: UTF-8
@book{Knuth1998,
 author = {Knuth, Donald E.},
 title = {The art of computer programming,  volume 3: (2nd ed.) sorting and searching},
 year = {1998},
 publisher = {Addison Wesley Longman Publishing Co., Inc.},
 address = {Redwood City, CA, USA}
}

@book{Pollefliet2011,
  author = {Pollefliet, Leen},
  title = {Schrijven van verslag tot eindwerk: do's en don'ts},
  year = {2011},
  publisher = {Academia Press},
  address = {Gent}
}

@article{Creeger2009,
  author = {Creeger, Mache},
  journal = {Communications of the ACM},
  number = {8},
  pages = {50--56},
  title = {{CTO Roundtable: Cloud Computing}},
  volume = {52},
  year = {2009}
}

@Online{ijrasetCICDPipeline,
    author    = {IJRASET},
    title     = {CI/CD Pipeline for Web Applications},
    url       = {https://doi.org/10.22214/ijraset.2023.52867},
    urldate   = {2025-01-13},
    year      = {2023}
}

@Online{ijrasetFileServe,
    author    = {IJRASET},
    title     = {Comparison on Continuous Integration and Continuous Deployment},
    url       = {https://doi.org/10.22214/ijraset.2021.36038},
    urldate   = {2025-01-13},
    year      = {2023}
}

@Online{bambulabsAPI,
    author    = {PyPI},
    title     = {Bambulabs API},
    url       = {https://pypi.org/project/bambulabs-api/},
    urldate   = {2024-11-13},
    year      = {2024}
}

@Online{3dPrintingIndustry,
    author    = {3D Printing Industry},
    title     = {What is 3D Printing?},
    url       = {https://3dprinting.com/what-is-3d-printing/#3D-Printing-Industry},
    urldate   = {2024-11-13},
    year      = {2024}
}

@Online{bambulabX1Carbon,
    author    = {Bambu Labs},
    title     = {Bambu Labs X1 Carbon Product Page},
    url       = {https://eu.store.bambulab.com/en-be/products/x1-carbon?srsltid=AfmBOoqFSJQaxmjTqrh4HgrEBr7XucKCDyQbu4F_Lz8KFoZbZeGSSbrd},
    urldate   = {2024-11-13},
    year      = {2024}
}


@Online{thesusVirtanen,
    author    = {Virtanen, Joni},
    title     = {Developing an Online Store with a 3D Printing Capability},
    url       = {https://www.theseus.fi/bitstream/handle/10024/511026/Opinnaytetyo_Joni_Virtanen.pdf?sequence=2&isAllowed=y},
    urldate   = {2024-12-19},
    year      = {2021}
}


@Online{theseusBabenko,
    author    = {Babenko, Vasily},
    title     = {Design and Implementation of E-Commerce Website for 3D Printing},
    url       = {https://www.theseus.fi/bitstream/handle/10024/112305/Babenko_Vasily.pdf?sequence=1},
    urldate   = {2024-12-19},
    year      = {2016}
}

@Online{ilamaIndexShopify,
    author    = {PyPI},
    title     = {Airbyte Shopify Loader},
    url       = {https://pypi.org/project/llama-index-readers-airbyte-shopify/},
    urldate   = {2024-11-13},
    year      = {2024}
}

@Online{jenkinsPipeline,
    author    = {Jenkins},
    title     = {Pipeline Syntax: Jenkins Pipeline Documentation},
    url       = {https://www.jenkins.io/doc/book/pipeline/},
    urldate   = {2024-11-13},
    year      = {2024}
}

@Online{pythonPipelinesThakur,
    author    = {Thakur, Ayush},
    title     = {Wait, What are Pipelines in Python?},
    url       = {https://medium.com/@ayush-thakur02/wait-what-are-pipelines-in-python-628f4b5021fd},
    urldate   = {2024-11-13},
    date      = {2023}
}

@Online{emerce3DprintSupplyChain,
    author    = {van Welsem, Maarten},
    title     = {3D-printen: zes grote veranderingen in de supply chain},
    url       = {https://www.emerce.nl/achtergrond/3d-printen-zes-grote-veranderingen-in-de-supply-chain},
    urldate   = {2024-11-13},
    year      = {2013}
}

@Online{mecalux3DprintLogistics,
    author    = {Mecalux},
    title     = {De invloed van 3D-printen op de logistiek},
    url       = {https://www.mecalux.be/blog/invloed-3d-printen-logistiek},
    urldate   = {2024-11-13},
    year      = {2024}
}

@Online{printagoAbout,
    author    = {Printago},
    title     = {About Us - Printago: 3D Printing Automation Solutions},
    url       = {https://www.printago.io/about-us},
    urldate   = {2024-11-13},
    year      = {2024}
}

@Online{hp3DprintingNetwork,
    author    = {HP},
    title     = {HP Digital Manufacturing Network - 3D Printing Services and Automation},
    url       = {https://www.hp.com/us-en/printers/3d-printers/services/digital-manufacturing-network.html},
    urldate   = {2024-11-13},
    year      = {2024}
}

@Online{3dprintmagAutomation,
    author    = {3DPrint Magazine},
    title     = {Extensive automation keeps European 3D printing companies competitive},
    url       = {https://3dprintmagazine.eu/extensive-automation-keeps-european-3d-printing-companies-competitive/},
    urldate   = {2024-11-13},
    year      = {2024}
}

@Thesis{bang2024,
    author       = {Bang, Seunghun},
    title        = {Digital Manufacturing and Automation in 3D Printing},
    institution  = {Haaga-Helia University of Applied Sciences},
    year         = {2024},
    urldate   = {2024-11-13},
    url          = {https://www.theseus.fi/bitstream/handle/10024/797028/Bang_Seunghun.pdf?sequence=2},
}

@Online{herrickLibrarySlicing,
    author    = {Groundworks},
    title     = {3D Printing: Slice Your Model!},
    url       = {https://herrickdl.org/blogs/post/3d-printing-slice-your-model/},
    urldate   = {2024-11-13},
    year      = {2022}
}

@Comment{jabref-meta: databaseType:biblatex;}
